@article{zhang_chemically_2024,
    title = {Chemically reactive and aging macromolecular mixtures. {II}. {P}hase separation and coarsening},
    volume = {161},
    DOI = {10.1063/5.0196794},
    number = {18},
    journal = {J. Chem. Phys.},
    author = {Zhang, R. and Mao, S. and Haataja, M. P.},
    pages = {184903},
    year = {2024},
}

@article{happel_coordinated_2024,
    title = {{C}oordinated {M}otion of {E}pithelial {L}ayers on {C}urved {S}urfaces},
    volume = {132},
    DOI = {10.1103/physrevlett.132.078401},
    number = {7},
    journal = {Phys. Rev. Lett.},
    author = {Happel, L. and Voigt, A.},
    pages = {078401},
    year = {2024}
}

@article{maggi_universality_2021,
    title = {Universality class of the motility-induced critical point in large scale off-lattice simulations of active particles},
    volume = {17},
    DOI = {10.1039/d0sm02162h},
    number = {14},
    journal = {Soft Matter},
    author = {Maggi, C. and Paoluzzi, M. and Crisanti, A. and Zaccarelli, E. and Gnan, N.},
    year = {2021},
    pages = {3807–3812}
}

@article{grillo_molecular_2023,
    title = {Molecular dynamics study of the mechanical properties of drug loaded model systems: {A} comparison of a polymersome with a bilayer},
    volume = {159},
    DOI = {10.1063/5.0165478},
    number = {17},
    journal = {J. Chem. Phys.},
    author = {Grillo, D. A. and Albano, J. M. R. and Valladares T.,  R. E. and Mocskos, E. E. and Facelli, J. C. and Pickholz, M. and Ferraro, M. B.},
    pages = {174908},
    year = {2023}
}

@article{bullerjahn_unwrapping_2023,
    title = {Unwrapping {NPT} {Simulations} to {Calculate} {Diffusion} {Coefficients}},
    volume = {19},
    DOI = {10.1021/acs.jctc.3c00308},
    number = {11},
    journal = {J. Chem. Theory Comput.},
    author = {Bullerjahn, J. T. and Von Bülow, S. and Heidari, M. and Hénin, J. and Hummer, G.},
    year = {2023},
    pages = {3406-3417}
}

@article{jaeger-honz_systematic_2024,
    title = {Systematic analysis, aggregation and visualisation of interaction fingerprints for molecular dynamics simulation data},
    volume = {16},
    DOI = {10.1186/s13321-024-00822-3},
    number = {1},
    journal = {J. Cheminform.},
    author = {Jaeger-Honz, S. and Klein, K. and Schreiber, F.},
    year = {2024},
    pages = {28}
}

@article{bai_calculating_2008,
    title = {{C}alculating {C}enter of {M}ass in an {U}nbounded {2D} {E}nvironment},
    volume = {13},
    DOI = {10.1080/2151237x.2008.10129266},
    number = {4},
    journal = {J. Graph. Tools},
    author = {Bai, L. and Breen, D.},
    year = {2008},
    pages = {53–60}
}

@book{neilsen_matrix_2012,
    title = {{M}atrix {I}nformation {G}eometry},
    author = {Neilsen, F. and Bhatia, R.},
    year = {2012},
    publisher = {Springer},
    address = {Berlin, DE}, 
    isbn = {9783642302329}
}

@article{hotz_non-asymptotic_2016,
    title = {{N}on-{A}symptotic {C}onfidence {S}ets for {C}ircular {M}eans},
    volume = {18},
    DOI = {10.3390/e18100375},
    number = {10},
    journal = {Entropy},
    author = {Hotz, T. and Kelma, F. and Wieditz, J.},
    year = {2016},
    pages = {375}
}

@inbook{hotz_extrinsic_2013,
    title = {{E}xtrinsic vs {I}ntrinsic {M}eans on the {C}ircle},
    ISBN = {9783642400209},
    DOI = {10.1007/978-3-642-40020-9_47},
    booktitle = {{G}eometric {S}cience of {I}nformation},
    publisher = {Springer Berlin Heidelberg},
